@article{Vaishnavi,
    title = {{Design Science Research in Information Systems}},
    year = {2017},
    journal = {Design Science Research in Information Systems:},
    author = {Kuechler, Bill and Petter, Stacie},
    pages = {1--66},
    url = {http://desrist.org/desrist/content/design-science-research-in-information-systems.pdf http://www.desrist.org/design-research-in-information-systems/},
    isbn = {0849337968},
    doi = {10.1007/978-3-642-29863-9},
    arxivId = {0742–1222 / 2003 {\$}9.50 + 0.00.}
}

@article{NeilSavage2018,
    title = {{Going Serverless}},
    year = {2018},
    journal = {FEBRUARY COMMUNICATIONS OF THE ACM},
    author = {{Neil Savage}},
    number = {15},
    volume = {61},
    url = {http://delivery.acm.org/10.1145/3180000/3171583/p15-savage.pdf},
    doi = {10.1145/3171583}
}

@article{Vogels2016,
    title = {{Serverless Reference Architectures with AWS Lambda}},
    year = {2016},
    author = {Baird, Andrew and Huang, George and Munns, Chris and Weinstein, Orr},
    number = {November},
    url = {https://d1.awsstatic.com/whitepapers/serverless-architectures-with-aws-lambda.pdf http://www.allthingsdistributed.com/2016/05/aws-lambda-serverless-reference-architectures.html}
}

@misc{Fromm2012,
    title = {{Why The Future Of Software And Apps Is Serverless}},
    year = {2012},
    booktitle = {ReadWrite},
    author = {Fromm, Ken},
    url = {https://readwrite.com/2012/10/15/why-the-future-of-software-and-apps-is-serverless/}
}

@misc{MikeRoberts2016,
    title = {{Serverless Architectures}},
    year = {2016},
    booktitle = {Martinfowler.com},
    author = {Roberts, Mike},
    url = {https://www.martinfowler.com/articles/serverless.html http://martinfowler.com/articles/serverless.html}
}

@misc{Astakhov2015,
    title = {{Lambda Architecture for Batch and Real- Time Processing on AWS with Spark Streaming and Spark SQL Amazon Web Services – Lambda Architecture for Batch and Stream Processing on AWS Amazon Web Services – Lambda Architecture for Batch and Stream Processing on}},
    year = {2015},
    author = {Astakhov, Vadim and Chayel, Manjeet},
    pages = {12},
    publisher = {Amazon Web Services},
    url = {https://d0.awsstatic.com/whitepapers/lambda-architecure-on-for-batch-aws.pdf}
}

@misc{Michelson2006,
    title = {{Event-Driven Architecture Overview – elemental links}},
    year = {2006},
    author = {Michelson, Brenda M.},
    url = {http://www.elementallinks.com/2006/02/06/event-driven-architecture-overview/}
}

@misc{EnterpriseYouTube,
    title = {{Enterprise Integration Patterns and Solutions for Architects - YouTube}},
    url = {https://www.youtube.com/watch?v=zmKBRS5Xglk}
}

@misc{Microservices:YouTube,
    title = {{Microservices: Death of the Enterprise Service Bus. Speaker: Kai W{\"{a}}hner - YouTube}},
    url = {https://www.youtube.com/watch?v=fITFdDU5L9w}
}

@misc{MicroservicesYouTube,
    title = {{Microservices vs SOA - YouTube}},
    url = {https://www.youtube.com/watch?v=7kCSVECNYc4}
}

@misc{Wasson2017MicroservicesDocs,
    title = {{Microservices architecture style | Microsoft Docs}},
    year = {2017},
    author = {Wasson, Mike and Celarier, Stuart},
    url = {https://docs.microsoft.com/en-us/azure/architecture/guide/architecture-styles/microservices}
}

@misc{AzureDocs,
    title = {{Azure Application Architecture Guide | Microsoft Docs}},
    url = {https://docs.microsoft.com/en-us/azure/architecture/guide/}
}

@misc{DesignDocs,
    title = {{Design for change | Microsoft Docs}},
    url = {https://docs.microsoft.com/en-us/azure/architecture/guide/design-principles/design-for-evolution}
}

@misc{BuildDocs,
    title = {{Build for the needs of the business | Microsoft Docs}},
    url = {https://docs.microsoft.com/en-us/azure/architecture/guide/design-principles/build-for-business}
}

@article{Ritter2017PatternsSurvey,
    title = {{Patterns for emerging application integration scenarios: A survey}},
    year = {2017},
    journal = {Information Systems},
    author = {Ritter, Daniel and May, Norman and Rinderle-Ma, Stefanie},
    pages = {36--57},
    volume = {67},
    url = {https://ac.els-cdn.com/S0306437917301084/1-s2.0-S0306437917301084-main.pdf?_tid=b9dea655-eae6-40e4-865a-a884cc2f1f07&acdnat=1522049897_e7ba2b077fb3cf086d789792c718b520},
    doi = {10.1016/j.is.2017.03.003},
    keywords = {Cloud integration, Device integration, Enterprise application integration, Enterprise integration patterns, Hybrid integration}
}

@article{Persson2006ImprovingServices,
    title = {{Improving reusability with Web Services}},
    year = {2006},
    author = {Persson, Anders},
    url = {http://www.diva-portal.org/smash/get/diva2:206817/FULLTEXT01.pdf},
    issn = {1650-2647}
}

@article{2010MobileEnvironment,
    title = {{Mobile Communication in Distributed Environment}},
    year = {2010},
    url = {http://www.diva-portal.org/smash/get/diva2:342731/FULLTEXT01.pdf}
}

@article{SoftwareArchitecture,
    title = {{Software Architecture for a Cyber- Physical Ecosystem in support of Open Innovation -Balancing Open Innovation and Governance through Software Architecture}},
    url = {http://www.diva-portal.org/smash/get/diva2:1151143/FULLTEXT01.pdf},
    keywords = {Cyber-Physical Systems, Open Innovation, Software Architecture, Software Ecosystems}
}

@article{Microsoft2017CloudGuide,
    title = {{Cloud Application Architecture Guide}},
    year = {2017},
    journal = {Microsoft Press},
    author = {{Microsoft}},
    url = {https://azure.microsoft.com/en-us/campaigns/cloud-application-architecture-guide/},
    keywords = {Application Architecture Enterprise patterns {\&} pra}
}

@article{Microsoft2010ApplicationGuide,
    title = {{Application Architecture Guide}},
    year = {2010},
    journal = {Architecture},
    author = {{Microsoft}},
    url = {https://opdhsblobprod02.blob.core.windows.net/contents/5d8f0f236efd495c83724574d5d25575/920047b30b0b489f9b96d56f186e3170?sv=2015-04-05&sr=b&sig=MDIgeeuPLKt5Xi5MKcDjZETnxTwSq5BiUpnG4DOHhOo%3D&st=2018-03-26T08%3A39%3A51Z&se=2018-03-27T08%3A49%3A51Z&sp=r},
    keywords = {Application Architecture Enterprise patterns {\&} pra}
}

@article{VaishnaviDESIGNSYSTEMS,
    title = {{DESIGN SCIENCE RESEARCH IN INFORMATION SYSTEMS}},
    author = {Vaishnavi, Vijay and Kuechler, Bill and Petter, Stacie},
    url = {http://desrist.org/desrist/content/design-science-research-in-information-systems.pdf}
}

@misc{1YouTube,
    title = {{(1) GOTO 2014 • Microservices • Martin Fowler - YouTube}},
    url = {https://www.youtube.com/watch?v=wgdBVIX9ifA}
}

@misc{ForewordArchitectures,
    title = {{Foreword to Building Evolutionary Architectures}},
    url = {https://martinfowler.com/articles/evo-arch-forward.html}
}

@misc{IntegrationModels,
    title = {{Integration Strategy Template - Research Based Models}},
    url = {http://www.research-based-models.com/integration-strategy-template.html}
}

@inproceedings{Pahl2016Microservices:Study,
    title = {{Microservices: A Systematic Mapping Study}},
    year = {2016},
    booktitle = {Proceedings of the 6th International Conference on Cloud Computing and Services Science},
    author = {Pahl, Claus and Jamshidi, Pooyan},
    pages = {137--146},
    publisher = {SCITEPRESS - Science and and Technology Publications},
    url = {http://www.scitepress.org/DigitalLibrary/Link.aspx?doi=10.5220/0005785501370146},
    isbn = {978-989-758-182-3},
    doi = {10.5220/0005785501370146}
}

@misc{DesigningDocs,
    title = {{Designing, building, and operating microservices on Azure with Kubernetes | Microsoft Docs}},
    url = {https://docs.microsoft.com/en-us/azure/architecture/microservices/}
}

@misc{MicroservicesMSA,
    title = {{Microservices Architecture – SOA and MSA}},
    url = {http://www.opengroup.org/soa/source-book/msawp/p3.htm}
}

@misc{Microservices:Integration,
    title = {{Microservices: Five Architectural Constraints - DZone Integration}},
    url = {https://dzone.com/articles/microservices-five}
}

@misc{DeterminingArchitecture,
    title = {{Determining when a microservice approach is not the best architecture}},
    url = {http://searchmicroservices.techtarget.com/news/450421462/Determining-when-a-microservice-approach-is-not-the-best-architecture}
}

@misc{BenefitsMicroservices,
    title = {{Benefits of Microservices Architecture Implementation - DZone Microservices}},
    url = {https://dzone.com/articles/benefits-amp-examples-of-microservices-architectur}
}

@article{ShadijaTowardsMicroservices,
    title = {{Towards an Understanding of Microservices}},
    author = {Shadija, Dharmendra and Rezai, Mo and Hill, Richard},
    url = {https://arxiv.org/ftp/arxiv/papers/1709/1709.06912.pdf}
}

@misc{MicroservicesExperienceimaginea,
    title = {{Microservices Architecture – An Experience – experience@imaginea}},
    url = {https://blog.imaginea.com/microservices-architecture-an-experience/}
}

@misc{MicroservicesGroup,
    title = {{Microservices and containers: the new architecture paradigm | SDG Group}},
    url = {http://www.sdggroup.com/uk/microservices-and-containers-new-architecture-paradigm}
}

@misc{HowComputerworld,
    title = {{How to determine when and why to use microservices - Computerworld}},
    url = {https://www.computerworld.com.au/article/621169/how-determine-when-why-use-microservices/}
}

@misc{Micro-servicesArchitecture,
    title = {{Micro-services architecture}},
    url = {https://www.slideshare.net/Fajar_112/microservices-architecture-76075773}
}

@misc{MicroserviceSans,
    title = {{Microservice Architecture: All the Best Practices You Need to Know | Coding Sans}},
    url = {https://codingsans.com/blog/microservice-architecture-best-practices}
}

@article{Jamshidi2017Pattern-basedMigration,
    title = {{Pattern-based multi-cloud architecture migration}},
    year = {2017},
    journal = {Software: Practice and Experience},
    author = {Jamshidi, Pooyan and Pahl, Claus and Mendon{\c{c}}a, Nabor C.},
    number = {9},
    month = {9},
    pages = {1159--1184},
    volume = {47},
    publisher = {Wiley-Blackwell},
    url = {http://doi.wiley.com/10.1002/spe.2442},
    doi = {10.1002/spe.2442},
    issn = {00380644},
    keywords = {cloud architecture, cloud migration, microservice architecture, migration pattern, multi‐cloud, situational method engineering, variability model}
}

@article{MicroserviceConsiderations,
    title = {{Microservice Architecture: API Gateway Considerations}},
    url = {https://www.globallogic.com/wp-content/uploads/2017/08/Microservice-Architecture-API-Gateway-Considerations.pdf}
}

@misc{HowMariaDB,
    title = {{How to Create Microservices and Set-up a Microservice Architecture with MariaDB, Docker and Go | MariaDB}},
    url = {https://mariadb.com/resources/blog/how-create-microservices-and-set-microservice-architecture-mariadb-docker-and-go}
}

@misc{RamiDocker,
    title = {{Rami Sayar - Node microservices with Docker}},
    url = {https://www.slideshare.net/webaquebec/rami-sayar-node-microservices-with-docker}
}

@misc{2YouTube,
    title = {{(2) GOTO 2017 • Serverless: the Future of Software Architecture • Peter Sbarski - YouTube}},
    url = {https://www.youtube.com/watch?v=LAWjdZYrUgI}
}

@misc{MicroservicesExpress,
    title = {{Microservices 101 using Docker, Swagger, Knex and Express}},
    url = {https://blog.gds-gov.tech/microservices-101-using-docker-swagger-knex-and-express-31b7bd61b814}
}

@misc{Microservices,
    title = {{Microservices}},
    url = {https://www.martinfowler.com/articles/microservices.html}
}

@misc{UnderstandingLimitations,
    title = {{Understanding Serverless Architecture advantages and limitations}},
    url = {https://medium.com/@chanakaudaya/understanding-serverless-architecture-advantages-and-limitations-e1d967fdef30}
}

@misc{ServerlessMicroservices,
    title = {{Serverless / FaaS / Lambda and how it relates to Microservices}},
    url = {https://www.slideshare.net/FrankMunz1/serverless-faas-lambda-and-how-it-relates-to-microservices}
}

@misc{AArchitecture,
    title = {{A Brief Look at Serverless Architecture}},
    url = {https://www.slideshare.net/AmazonWebServices/a-brief-look-at-serverless-architecture}
}

@misc{EvolutionMonolithic-Microservices-FaaS,
    title = {{Evolution of Serverless: Monolithic-Microservices-FaaS}},
    url = {https://dev.to/jignesh_simform/evolution-of-serverless-monolithic-microservices-faas-3hdp}
}

@misc{TheArchitecture,
    title = {{The Comprehensive Guide to Serverless Architecture}},
    url = {https://www.simform.com/serverless-architecture-guide/}
}

@misc{GettingArchitectures,
    title = {{Getting Started with Serverless Architectures}},
    url = {https://www.slideshare.net/AmazonWebServices/getting-started-with-serverless-architectures}
}

@article{Perez2018ServerlessArchitectures,
    title = {{Serverless computing for container-based architectures}},
    year = {2018},
    journal = {Future Generation Computer Systems},
    author = {P{\'{e}}rez, Alfonso and Molt{\'{o}}, Germán and Caballer, Miguel and Calatrava, Amanda},
    month = {6},
    pages = {50--59},
    volume = {83},
    publisher = {North-Holland},
    url = {https://www.sciencedirect.com/science/article/pii/S0167739X17316485},
    doi = {10.1016/J.FUTURE.2018.01.022},
    issn = {0167-739X}
}

@misc{IntroCodeStar,
    title = {{Intro to AWS Developer Tools, featuring AWS CodeStar}},
    url = {https://www.slideshare.net/AmazonWebServices/intro-to-aws-developer-tools-featuring-aws-codestar}
}

@misc{TryJustinmchase,
    title = {{Try / Finally with AWS Step Functions – justinmchase}},
    url = {https://justinmchase.com/2017/07/24/try-finally-with-aws-step-functions/}
}

@misc{WhatMongoDB,
    title = {{What are AWS Step Functions? | MongoDB}},
    url = {https://www.mongodb.com/blog/post/integrating-mongodb-atlas-twilio-and-aws-simple-email-service-with-aws-step-functions}
}

@misc{TheMongoDB,
    title = {{The AWS Refresher: Lambda, Kinesis, Step Functions {\&}amp; more | MongoDB}},
    url = {https://www.mongodb.com/blog/post/the-aws-refresher-lambda-kinesis-step-functions-and-more}
}

@misc{AWSBlog,
    title = {{AWS Step Functions: Serverless orchestration on AWS - Cloud Academy Blog}},
    url = {https://cloudacademy.com/blog/aws-step-functions-a-serverless-orchestrator/}
}

@article{MaximilienService-OrientedComputing,
    title = {{Service-Oriented Computing}},
    author = {Maximilien, Michael and Vallecillo, Antonio and Wang, Jianmin and Oriol, Marc},
    url = {https://link.springer.com/content/pdf/10.1007%2F978-3-319-69035-3.pdf},
    doi = {10.1007/978-3-319-69035-3}
}

@misc{Event-drivenDocs,
    title = {{Event-driven architecture style | Microsoft Docs}},
    url = {https://docs.microsoft.com/en-us/azure/architecture/guide/architecture-styles/event-driven}
}

@misc{MicroservicesDocs,
    title = {{Microservices architecture style | Microsoft Docs}},
    url = {https://docs.microsoft.com/en-us/azure/architecture/guide/architecture-styles/microservices}
}

@article{Kong2008Event-drivenEnterprises,
    title = {{Event-driven service coordination for business process integration in ubiquitous enterprises}},
    year = {2008},
    author = {Kong, Jaehyun and Jung, Jae-Yoon and Park, Jinwoo},
    url = {https://ac.els-cdn.com/S036083520800185X/1-s2.0-S036083520800185X-main.pdf?_tid=9e6d0365-db9f-4861-98f9-e4863f82485c&acdnat=1525254919_597d658ca301e1bffd135777a18fb293},
    doi = {10.1016/j.cie.2008.08.019},
    keywords = {Active rule, Business process integration, Event-driven computing, Service-oriented architecture, Ubiquitous enterprise}
}