@article{NeilSavage2018,
    title = {{Going Serverless}},
    year = {2018},
    journal = {FEBRUARY COMMUNICATIONS OF THE ACM},
    author = {{Neil Savage}},
    number = {15},
    volume = {61},
    url = {http://delivery.acm.org/10.1145/3180000/3171583/p15-savage.pdf},
    doi = {10.1145/3171583}
}